@inproceedings{klemens:tea,
    author={Ben Klemens},
    title= {Tea for Survey Processing},
    booktitle={Proceedings of the Conference of European Statisticians},
    chapter={Working paper 29},
    crossref={UNECE12}
}

@proceedings{UNECE12,
    title={Proceedings of the Conference of European Statisticians},
    series={Work Session on Statistical Data Editing},
    organization={United Nations Economic Commission for Europe},
    year=2012,
    month=Sep
}
Comment(Oslo, Norway, 24-26 September 2012)
